@article{chee_jaafar_aziz_hasan_yeoh_2018,
	title={Algorithms for frequent itemset mining: a literature review},
	volume={52},
	DOI={10.1007/s10462-018-9629-z},
	number={4},
	journal={Artificial Intelligence Review},
	author={Chee, Chin-Hoong and Jaafar, Jafreezal and Aziz, Izzatdin Abdul and Hasan, Mohd Hilmi and Yeoh, William},
	year={2018},
	pages={2603–2621}
} 


@misc{chonyy_2020_apriori,
	title={Apriori: Association Rule Mining In-depth Explanation and Python Implementation},
	url={https://towardsdatascience.com/apriori-association-rule-mining-explanation-and-python-implementation-290b42afdfc6},
	journal={Medium},
	publisher={Towards Data Science},
	author={Chonyy},
	year={2020},
	month={Octubre},
	howpublished = "\url{https://towardsdatascience.com/apriori-association-rule-mining-explanation-and-python-implementation-290b42afdfc6}",
	note="[Accedido 29/08/2021]"
} 

@misc{chonyy_2020_fpgrowth,
	title={FP Growth: Frequent Pattern Generation in Data Mining with Python Implementation},
	url={https://towardsdatascience.com/fp-growth-frequent-pattern-generation-in-data-mining-with-python-implementation-244e561ab1c3},
	journal={Medium},
	publisher={Towards Data Science},
	author={Chonyy},
	year={2020},
	month={Noviembre},
	howpublished = "\url{https://towardsdatascience.com/fp-growth-frequent-pattern-generation-in-data-mining-with-python-implementation-244e561ab1c3}",
	note="[Accedido 29/08/2021]"
} 

@misc{ wiki:latex,
       author = "Wikipedia",
       title = "LaTeX --- Wikipedia{,} La enciclopedia libre",
       year = "2015",
       url = "https://es.wikipedia.org/w/index.php?title=LaTeX&oldid=84209252",
       note = "[Internet; descargado 30-septiembre-2015]"
}


@article{bortolot2005,
  title={Estimating forest biomass using small footprint LiDAR data: An individual tree-based approach that incorporates training data},
  author={Bortolot, Zachary J and Wynne, Randolph H},
  journal={ISPRS Journal of Photogrammetry and Remote Sensing},
  volume={59},
  number={6},
  pages={342--360},
  year={2005},
  publisher={Elsevier}
}


@misc{misc:como-jugar,
	author = {Riot Games},
	title = {Cómo jugar - League of Legends},
	howpublished = "\url{https://euw.leagueoflegends.com/es-es/how-to-play/}",
}


@misc{misc:player-distribution,
	author = {Vincenzo "Skulz" Milella},
	title = {League of Legends Rank Distribution in solo queue - June 2021},
	howpublished = "\url{https://www.esportstales.com/league-of-legends/rank-distribution-percentage-of-players-by-tier}",
}
